@misc{patsantzis_2015,
    title = "THELEMA â€“ A Theory Learning Machine for Grammar Induction",
    url = "http://goblinopera.com/THELEMA/THELEMA_report.pdf",
    journal = "Gobinopera",
    publisher = "The University of Sussex School of Engineering {\&} Informatics",
    author = "Patsantzis, Stassa",
    year = "2015",
    month = jun
}
@misc{treebank_3,
    title = "Treebank-3",
    url = "https://doi.org/10.35111/gq1x-j780",
    publisher = "LDC",
    author = "Marcus, Mitchell P.  and
      Santorini, Beatrice  and
      Marcinkiewicz, Mary Ann  and
      Taylor, Ann",
    year = "1999",
}